{
  "leader": "05223cam a2200589 a 4500",
  "fields": [
    {
      "001": "ocm25787152\\"
    },
    {
      "003": "OCoLC"
    },
    {
      "005": "20220106135605.0"
    },
    {
      "008": "920417s1992\\\\\\\\nju\\\\\\\\\\\\b\\\\\\\\001\\0\\eng\\\\"
    },
    {
      "010": {
        "ind1": "\\",
        "ind2": "\\",
        "subfields": [
          {
            "a": "   92015749 "
          }
        ]
      }
    },
    {
      "040": {
        "ind1": "\\",
        "ind2": "\\",
        "subfields": [
          {
            "a": "DLC"
          },
          {
            "b": "eng"
          },
          {
            "c": "DLC"
          },
          {
            "d": "NLC"
          },
          {
            "d": "EL{dollar}"
          },
          {
            "d": "NLGGC"
          },
          {
            "d": "BTCTA"
          },
          {
            "d": "YDXCP"
          },
          {
            "d": "OCLCG"
          },
          {
            "d": "BTN"
          },
          {
            "d": "ZWZ"
          },
          {
            "d": "BDX"
          },
          {
            "d": "UKMGB"
          },
          {
            "d": "OCLCO"
          },
          {
            "d": "GBVCP"
          },
          {
            "d": "OCLCF"
          },
          {
            "d": "OCLCQ"
          },
          {
            "d": "OCLCO"
          },
          {
            "d": "OCL"
          },
          {
            "d": "OCLCQ"
          },
          {
            "d": "DEBSZ"
          },
          {
            "d": "OCLCQ"
          },
          {
            "d": "CSJ"
          },
          {
            "d": "DHA"
          },
          {
            "d": "OCLCQ"
          },
          {
            "d": "GILDS"
          },
          {
            "d": "VTS"
          },
          {
            "d": "IPL"
          },
          {
            "d": "CPO"
          },
          {
            "d": "AEBUD"
          },
          {
            "d": "FIE"
          },
          {
            "d": "OCLCQ"
          },
          {
            "d": "BGU"
          },
          {
            "d": "OCLCQ"
          },
          {
            "d": "UKUOY"
          },
          {
            "d": "OCLCQ"
          },
          {
            "d": "KIJ"
          },
          {
            "d": "IL4J6"
          },
          {
            "d": "OCLCO"
          }
        ]
      }
    },
    {
      "016": {
        "ind1": "\\",
        "ind2": "\\",
        "subfields": [
          {
            "a": "(AMICUS)000011466049"
          }
        ]
      }
    },
    {
      "016": {
        "ind1": "7",
        "ind2": "\\",
        "subfields": [
          {
            "a": "007223986"
          },
          {
            "2": "Uk"
          }
        ]
      }
    },
    {
      "019": {
        "ind1": "\\",
        "ind2": "\\",
        "subfields": [
          {
            "a": "27681618"
          },
          {
            "a": "982695184"
          },
          {
            "a": "1027254579"
          },
          {
            "a": "1119396324"
          },
          {
            "a": "1167018295"
          },
          {
            "a": "1172267791"
          }
        ]
      }
    },
    {
      "020": {
        "ind1": "\\",
        "ind2": "\\",
        "subfields": [
          {
            "a": "0691087865"
          },
          {
            "q": "(acid-free paper)"
          }
        ]
      }
    },
    {
      "020": {
        "ind1": "\\",
        "ind2": "\\",
        "subfields": [
          {
            "a": "9780691087863"
          },
          {
            "q": "(acid-free paper)"
          }
        ]
      }
    },
    {
      "020": {
        "ind1": "\\",
        "ind2": "\\",
        "subfields": [
          {
            "a": "0691037795"
          }
        ]
      }
    },
    {
      "020": {
        "ind1": "\\",
        "ind2": "\\",
        "subfields": [
          {
            "a": "9780691037790"
          }
        ]
      }
    },
    {
      "035": {
        "ind1": "\\",
        "ind2": "\\",
        "subfields": [
          {
            "a": "(OCoLC)25787152"
          },
          {
            "z": "(OCoLC)27681618"
          },
          {
            "z": "(OCoLC)982695184"
          },
          {
            "z": "(OCoLC)1027254579"
          },
          {
            "z": "(OCoLC)1119396324"
          },
          {
            "z": "(OCoLC)1167018295"
          },
          {
            "z": "(OCoLC)1172267791"
          }
        ]
      }
    },
    {
      "043": {
        "ind1": "\\",
        "ind2": "\\",
        "subfields": [
          {
            "a": "n-us---"
          },
          {
            "a": "n-cn---"
          }
        ]
      }
    },
    {
      "050": {
        "ind1": "0",
        "ind2": "0",
        "subfields": [
          {
            "a": "E184.A1"
          },
          {
            "b": "T39 1992"
          }
        ]
      }
    },
    {
      "055": {
        "ind1": "\\",
        "ind2": "0",
        "subfields": [
          {
            "a": "E184 A1"
          },
          {
            "b": "T39 1992"
          }
        ]
      }
    },
    {
      "082": {
        "ind1": "0",
        "ind2": "0",
        "subfields": [
          {
            "a": "305.800973"
          },
          {
            "b": "TAY"
          }
        ]
      }
    },
    {
      "100": {
        "ind1": "1",
        "ind2": "\\",
        "subfields": [
          {
            "a": "Taylor, Charles,"
          },
          {
            "d": "1931-"
          }
        ]
      }
    },
    {
      "245": {
        "ind1": "1",
        "ind2": "0",
        "subfields": [
          {
            "a": "Multiculturalism and \"The politics of recognition\" :"
          },
          {
            "b": "an essay /"
          },
          {
            "c": "by Charles Taylor ; with commentary by Amy Gutmann, editor Steven C. Rockefeller [and others]."
          }
        ]
      }
    },
    {
      "260": {
        "ind1": "\\",
        "ind2": "\\",
        "subfields": [
          {
            "a": "Princeton, N.J. :"
          },
          {
            "b": "Princeton University Press,"
          },
          {
            "c": "\u00a91992."
          }
        ]
      }
    },
    {
      "300": {
        "ind1": "\\",
        "ind2": "\\",
        "subfields": [
          {
            "a": "xi, 112 pages ;"
          },
          {
            "c": "25 cm"
          }
        ]
      }
    },
    {
      "336": {
        "ind1": "\\",
        "ind2": "\\",
        "subfields": [
          {
            "a": "text"
          },
          {
            "b": "txt"
          },
          {
            "2": "rdacontent"
          }
        ]
      }
    },
    {
      "337": {
        "ind1": "\\",
        "ind2": "\\",
        "subfields": [
          {
            "a": "unmediated"
          },
          {
            "b": "n"
          },
          {
            "2": "rdamedia"
          }
        ]
      }
    },
    {
      "338": {
        "ind1": "\\",
        "ind2": "\\",
        "subfields": [
          {
            "a": "volume"
          },
          {
            "b": "nc"
          },
          {
            "2": "rdacarrier"
          }
        ]
      }
    },
    {
      "504": {
        "ind1": "\\",
        "ind2": "\\",
        "subfields": [
          {
            "a": "Includes bibliographical references and index."
          }
        ]
      }
    },
    {
      "520": {
        "ind1": "1",
        "ind2": "\\",
        "subfields": [
          {
            "a": "\"Can a democratic society treat all its members as equals and also recognize their specific cultural identities? Should it try to ensure the survival of specific cultural groups? Is political recognition of ethnicity or gender essential to a person's dignity? These are some of the questions at the heart of the political controversy over multiculturalism and recognition - a debate that has raged across academic departments, university campuses, ethnic and feminist associations, and governments throughout the world. In this book Charles Taylor offers a historically informed, philosophical perspective on what is at stake in the demand made by many people for recognition of their particular group identities by public institutions. His thoughts serve as a point of departure for commentaries by other leading thinkers, who further relate the demand for recognition to issues of multicultural education, feminism, and cultural separatism.\""
          }
        ]
      }
    },
    {
      "520": {
        "ind1": "8",
        "ind2": "\\",
        "subfields": [
          {
            "a": "\"In his essay Taylor compares two competing forms of liberal government: one that protects no particular culture but ensures the rights and welfare of all its citizens, and one that nurtures a particular culture yet also protects the basic rights and welfare of nonconforming citizens. Questioning the desirability and possibility of the first conception, Taylor defends a version of the second. In response Steven Rockefeller warns against the ascendancy of particularist cultural identities over the universal identity of democratic citizens. Michael Walzer defends a liberalism that authorizes democratic citizens to adapt their politics to varying situations, and suggests that a culturally neutral politics best suits the United States. Proposing an alternative perspective to Taylor's presumption of value in foreign cultures, Susan Wolf identifies the demand for multicultural education with an accurate understanding of who \"we\" Americans are. Amy Gutmann focuses on the debate over multiculturalism and free speech on university campuses, arguing that the demands of liberal democratic education are far greater than either essentialists or deconstructionists commonly recognize.\" \"Multiculturalism and \"The Politics of Recognition\" will stimulate constructive discussion and enlighten public discourse on the difficult issues surrounding multiculturalism. The volume is based on the Inaugural Lecture for the University Center for Human Values at Princeton University, founded in 1990 through an endowment by Laurance S. Rockefeller.\"--Jacket."
          }
        ]
      }
    },
    {
      "650": {
        "ind1": "\\",
        "ind2": "0",
        "subfields": [
          {
            "a": "Multiculturalism"
          },
          {
            "z": "United States."
          }
        ]
      }
    },
    {
      "650": {
        "ind1": "\\",
        "ind2": "0",
        "subfields": [
          {
            "a": "Multiculturalism"
          },
          {
            "z": "Canada."
          }
        ]
      }
    },
    {
      "650": {
        "ind1": "\\",
        "ind2": "0",
        "subfields": [
          {
            "a": "Minorities"
          },
          {
            "z": "United States."
          }
        ]
      }
    },
    {
      "650": {
        "ind1": "\\",
        "ind2": "0",
        "subfields": [
          {
            "a": "Minorities"
          },
          {
            "z": "Canada."
          }
        ]
      }
    },
    {
      "651": {
        "ind1": "\\",
        "ind2": "0",
        "subfields": [
          {
            "a": "United States"
          },
          {
            "x": "Politics and government."
          }
        ]
      }
    },
    {
      "651": {
        "ind1": "\\",
        "ind2": "0",
        "subfields": [
          {
            "a": "Canada"
          },
          {
            "x": "Politics and government."
          }
        ]
      }
    },
    {
      "650": {
        "ind1": "\\",
        "ind2": "7",
        "subfields": [
          {
            "a": "Minorities."
          },
          {
            "2": "fast"
          },
          {
            "0": "(OCoLC)fst01023088"
          }
        ]
      }
    },
    {
      "650": {
        "ind1": "\\",
        "ind2": "7",
        "subfields": [
          {
            "a": "Multiculturalism."
          },
          {
            "2": "fast"
          },
          {
            "0": "(OCoLC)fst01028836"
          }
        ]
      }
    },
    {
      "650": {
        "ind1": "\\",
        "ind2": "7",
        "subfields": [
          {
            "a": "Politics and government"
          },
          {
            "2": "fast"
          },
          {
            "0": "(OCoLC)fst01919741"
          }
        ]
      }
    },
    {
      "651": {
        "ind1": "\\",
        "ind2": "7",
        "subfields": [
          {
            "a": "Canada."
          },
          {
            "2": "fast"
          },
          {
            "0": "(OCoLC)fst01204310"
          }
        ]
      }
    },
    {
      "651": {
        "ind1": "\\",
        "ind2": "7",
        "subfields": [
          {
            "a": "United States."
          },
          {
            "2": "fast"
          },
          {
            "0": "(OCoLC)fst01204155"
          }
        ]
      }
    },
    {
      "700": {
        "ind1": "1",
        "ind2": "\\",
        "subfields": [
          {
            "a": "Gutmann, Amy."
          }
        ]
      }
    },
    {
      "856": {
        "ind1": "4",
        "ind2": "1",
        "subfields": [
          {
            "3": "Table of contents"
          },
          {
            "u": "http://www.gbv.de/dms/hbz/toc/ht004490383.PDF"
          }
        ]
      }
    },
    {
      "856": {
        "ind1": "4",
        "ind2": "1",
        "subfields": [
          {
            "3": "Table of contents"
          },
          {
            "u": "http://digitool.hbz-nrw.de:1801/webclient/DeliveryManager?pid=1585204&custom_att_2=simple_viewer"
          }
        ]
      }
    },
    {
      "856": {
        "ind1": "4",
        "ind2": "1",
        "subfields": [
          {
            "z": "Full-text (1994 ed.)"
          },
          {
            "u": "https://opac.eui.eu/client/en_GB/default/search/detailnonmodal/ent:{dollar}002f{dollar}002fSD_ILS{dollar}002f0{dollar}002fSD_ILS:391147/one"
          }
        ]
      }
    },
    {
      "856": {
        "ind1": "4",
        "ind2": "2",
        "subfields": [
          {
            "3": "Publisher description"
          },
          {
            "u": "http://catdir.loc.gov/catdir/description/prin031/92015749.html"
          }
        ]
      }
    },
    {
      "994": {
        "ind1": "\\",
        "ind2": "\\",
        "subfields": [
          {
            "a": "Z0"
          },
          {
            "b": "NYRVC"
          }
        ]
      }
    },
    {
      "948": {
        "ind1": "\\",
        "ind2": "\\",
        "subfields": [
          {
            "h": "NO HOLDINGS IN NYRVC - 908 OTHER HOLDINGS"
          }
        ]
      }
    },
    {
      "999": {
        "ind1": "\\",
        "ind2": "\\",
        "subfields": [
          {
            "a": "00000000014717"
          }
        ]
      }
    }
  ]
}